@article{ref:allen:MD_sim,
    title = {Molecular dynamics simulation using hard particles},
    journal = {Computer Physics Reports},
    volume = {9},
    number = {6},
    pages = {301-353},
    year = {1989},
    issn = {0167-7977},
    doi = {https://doi.org/10.1016/0167-7977(89)90009-9},
    url = {
        https://www.sciencedirect.com/science/article/pii/0167797789900099
    },
    author = {M.P. Allen and D. Frenkel and J. Talbot},
}

@article{ref:jover:pseudo_hard,
    author = {Jover,J.  and Haslam,A. J.  and Galindo,A.  and Jackson,G.  and MÃ¼ller,E. A. },
    title = {
        Pseudo hard-sphere potential for use in continuous 
        molecular-dynamics simulation of spherical and chain molecules
    },
    journal = {The Journal of Chemical Physics},
    volume = {137},
    number = {14},
    pages = {144505},
    year = {2012},
    doi = {10.1063/1.4754275},
    URL = {https://doi.org/10.1063/1.4754275},
    eprint = {https://doi.org/10.1063/1.4754275jkjk},
}

@article{ref:pousaneh:shear_viscosity,
    author = {Faezeh Pousaneh and Astrid S. de Wijn},
    title = {Shear viscosity of pseudo hard-spheres},
    journal = {Molecular Physics},
    volume = {118},
    number = {4},
    pages = {1622050},
    year  = {2020},
    publisher = {Taylor & Francis},
    doi = {10.1080/00268976.2019.1622050},
    URL = {https://doi.org/10.1080/00268976.2019.1622050},
    eprint = {https://doi.org/10.1080/00268976.2019.1622050},
}

@article{ref:pippo:composition_dependence,
    title = {Composition dependence of the viscosity of dense gas mixtures},
    journal = {Physica A: Statistical Mechanics and its Applications},
    volume = {86},
    number = {2},
    pages = {205-223},
    year = {1977},
    issn = {0378-4371},
    doi = {https://doi.org/10.1016/0378-4371(77)90029-2},
    url = {https://www.sciencedirect.com/science/article/pii/0378437177900292},
    author = {R. {Di Pippo} and J.R. Dorfman and J. Kestin and H.E. Khalifa and E.A. Mason},
}

@book{ref:chapman:non_uniform_gases,
    author = {Chapman, S. and Cowling, T. G.},
    title = {The Mathematical Theory of Non-Uniform Gases},
    edition = {2},
    year = {1953},
    %doi = {10.1021/ed018p48.2},
    %URL = {https://doi.org/10.1021/ed018p48.2},
    %eprint = {https://doi.org/10.1021/ed018p48.2}
}

@article{ref:tham:fluid_mixtures,
    author = {Tham,M. K.  and Gubbins,K. E. },
    title = {Kinetic Theory of Multicomponent Dense Fluid Mixtures of Rigid Spheres},
    journal = {The Journal of Chemical Physics},
    volume = {55},
    number = {1},
    pages = {268-279},
    year = {1971},
    doi = {10.1063/1.1675518},
    URL = {https://doi.org/10.1063/1.1675518},
    eprint = {https://doi.org/10.1063/1.1675518}
}
